 @book{gauss,
	Author = {Carl Friedrich Gau\ss},
	Title = {General Investigations of Curved Surfaces},
	Year = {1827}}

 @misc{Knight2021,
	title = {The ut-thesis class},
	author = {Pitt, Francois and Knight, Jesse},
	url = {https://ctan.org/pkg/ut-thesis},
	year = {2021}
  }
  
 @article{tseng2022shared,
	title={Shared and specialized coding across posterior cortical areas for dynamic navigation decisions},
	author={Tseng, Shih-Yi and Chettih, Selmaan N and Arlt, Charlotte and Barroso-Luque, Roberto and Harvey, Christopher D},
	journal={Neuron},
	volume={110},
	number={15},
	pages={2484--2502},
	year={2022},
	publisher={Elsevier}
  }
  
  @article{svoboda2006principles,
	title={Principles of two-photon excitation microscopy and its applications to neuroscience},
	author={Svoboda, Karel and Yasuda, Ryohei},
	journal={Neuron},
	volume={50},
	number={6},
	pages={823--839},
	year={2006},
	publisher={Elsevier}
  }
  
  @article{ye2021representation,
	title={Representation learning for neural population activity with Neural Data Transformers},
	author={Ye, Joel and Pandarinath, Chethan},
	journal={arXiv preprint arXiv:2108.01210},
	year={2021}
  }
  
  @article{pandarinath2018inferring,
	title={Inferring single-trial neural population dynamics using sequential auto-encoders},
	author={Pandarinath, Chethan and O’Shea, Daniel J and Collins, Jasmine and Jozefowicz, Rafal and Stavisky, Sergey D and Kao, Jonathan C and Trautmann, Eric M and Kaufman, Matthew T and Ryu, Stephen I and Hochberg, Leigh R and others},
	journal={Nature methods},
	volume={15},
	number={10},
	pages={805--815},
	year={2018},
	publisher={Nature Publishing Group US New York}
  }
  @article{azabou2023unified,
	title={A Unified, Scalable Framework for Neural Population Decoding},
	author={Azabou, Mehdi and Arora, Vinam and Ganesh, Venkataramana and Mao, Ximeng and Nachimuthu, Santosh and Mendelson, Michael J and Richards, Blake and Perich, Matthew G and Lajoie, Guillaume and Dyer, Eva L},
	journal={arXiv preprint arXiv:2310.16046},
	year={2023}
  }
  
  @article{geneva2022transformers,
	title={Transformers for modeling physical systems},
	author={Geneva, Nicholas and Zabaras, Nicholas},
	journal={Neural Networks},
	volume={146},
	pages={272--289},
	year={2022},
	publisher={Elsevier}
  }
  
  @article{schneider2023learnable,
	title={Learnable latent embeddings for joint behavioural and neural analysis},
	author={Schneider, Steffen and Lee, Jin Hwa and Mathis, Mackenzie Weygandt},
	journal={Nature},
	pages={1--9},
	year={2023},
	publisher={Nature Publishing Group UK London}
  }
  @article{radford2018improving,
	title={Improving language understanding by generative pre-training},
	author={Radford, Alec and Narasimhan, Karthik and Salimans, Tim and Sutskever, Ilya and others},
	year={2018},
	publisher={OpenAI}
  }
  @article{vaswani2017attention,
	title={Attention is all you need},
	author={Vaswani, Ashish and Shazeer, Noam and Parmar, Niki and Uszkoreit, Jakob and Jones, Llion and Gomez, Aidan N and Kaiser, {\L}ukasz and Polosukhin, Illia},
	journal={Advances in neural information processing systems},
	volume={30},
	year={2017}
  }
  
  @article{hahn2020theoretical,
	title={Theoretical limitations of self-attention in neural sequence models},
	author={Hahn, Michael},
	journal={Transactions of the Association for Computational Linguistics},
	volume={8},
	pages={156--171},
	year={2020},
	publisher={MIT Press One Rogers Street, Cambridge, MA 02142-1209, USA journals-info~…}
  }


